@article{VAE,
  title={Auto-encoding variational bayes},
  author={Kingma, Diederik P and Welling, Max},
  journal={arXiv preprint arXiv:1312.6114},
  year={2013}
}


@article{tschannen2018recent,
  title={Recent advances in autoencoder-based representation learning},
  author={Tschannen, Michael and Bachem, Olivier and Lucic, Mario},
  journal={arXiv preprint arXiv:1812.05069},
  year={2018}
}


@article{10.2307/1993228,
 ISSN = {00029947},
 URL = {http://www.jstor.org/stable/1993228},
 author = {Harold Widom},
 journal = {Transactions of the American Mathematical Society},
 number = {2},
 pages = {491--522},
 publisher = {American Mathematical Society},
 title = {On The Eigenvalues of Certain Hermitian Operators},
 volume = {88},
 year = {1958}
}


@InProceedings{rezende14,
  title = 	 {Stochastic Backpropagation and Approximate Inference in Deep Generative Models},
  author = 	 {Danilo Jimenez Rezende and Shakir Mohamed and Daan Wierstra},
  booktitle = 	 {Proceedings of the 31st International Conference on Machine Learning},
  pages = 	 {1278--1286},
  year = 	 {2014},
  editor = 	 {Eric P. Xing and Tony Jebara},
  volume = 	 {32},
  number =       {2},
  series = 	 {Proceedings of Machine Learning Research},
  address = 	 {Bejing, China},
  month = 	 {22--24 Jun},
  publisher = 	 {PMLR},
  pdf = 	 {http://proceedings.mlr.press/v32/rezende14.pdf},
  url = 	 {http://proceedings.mlr.press/v32/rezende14.html},
}
@article{LossyVAE,
  title={Variational Lossy Autoencoder},
  author={Xi Chen and Diederik P. Kingma and Tim Salimans and Yan Duan and Prafulla Dhariwal and John Schulman and Ilya Sutskever and Pieter Abbeel},
  journal={ArXiv},
  year={2016},
  volume={abs/1611.02731}
}
@article{PixelVAE,
  title={PixelVAE: A Latent Variable Model for Natural Images},
  author={Ishaan Gulrajani and Kundan Kumar and Faruk Ahmed and Adrien Ali Ta{\"i}ga and Francesco Visin and David V{\'a}zquez and Aaron C. Courville},
  journal={ArXiv},
  year={2016},
  volume={abs/1611.05013}
}

@article{FlowVAE,
author = {Jimenez Rezende, Danilo and Mohamed, Shakir},
year = {2015},
month = {05},
pages = {},
title = {Variational Inference with Normalizing Flows}
}

@inproceedings{VampPrior,
  title={VAE with a VampPrior},
  author={Jakub M. Tomczak and Max Welling},
  booktitle={AISTATS},
  year={2017}
}

@article{InfoVAE,
  title={InfoVAE: Information Maximizing Variational Autoencoders},
  author={Shengjia Zhao and Jiaming Song and Stefano Ermon},
  journal={ArXiv},
  year={2017},
  volume={abs/1706.02262}
}


@article{higgins2017beta,
  title={beta-VAE: Learning Basic Visual Concepts with a Constrained Variational Framework.},
  author={Higgins, Irina and Matthey, Loic and Pal, Arka and Burgess, Christopher and Glorot, Xavier and Botvinick, Matthew and Mohamed, Shakir and Lerchner, Alexander},
  journal={ICLR},
  volume={2},
  number={5},
  pages={6},
  year={2017}
}

@article{radford2015unsupervised,
  title={Unsupervised representation learning with deep convolutional generative adversarial networks},
  author={Radford, Alec and Metz, Luke and Chintala, Soumith},
  journal={arXiv preprint arXiv:1511.06434},
  year={2015}
}


@inproceedings{kingma2014semi,
  title={Semi-supervised learning with deep generative models},
  author={Kingma, Durk P and Mohamed, Shakir and Rezende, Danilo Jimenez and Welling, Max},
  booktitle={Advances in neural information processing systems},
  pages={3581--3589},
  year={2014}
}

@article{dai2019diagnosing,
  title={Diagnosing and enhancing vae models},
  author={Dai, Bin and Wipf, David},
  journal={arXiv preprint arXiv:1903.05789},
  year={2019}
}


@article{gulrajani2016pixelvae,
  title={Pixelvae: A latent variable model for natural images},
  author={Gulrajani, Ishaan and Kumar, Kundan and Ahmed, Faruk and Taiga, Adrien Ali and Visin, Francesco and Vazquez, David and Courville, Aaron},
  journal={arXiv preprint arXiv:1611.05013},
  year={2016}
}

@inproceedings{lucas2018auxiliary,
  title={Auxiliary guided autoregressive variational autoencoders},
  author={Lucas, Thomas and Verbeek, Jakob},
  booktitle={Joint European Conference on Machine Learning and Knowledge Discovery in Databases},
  pages={443--458},
  year={2018},
  organization={Springer}
}


@article{nguyen2010estimating,
  title={Estimating divergence functionals and the likelihood ratio by convex risk minimization},
  author={Nguyen, XuanLong and Wainwright, Martin J and Jordan, Michael I},
  journal={IEEE Transactions on Information Theory},
  volume={56},
  number={11},
  pages={5847--5861},
  year={2010},
  publisher={IEEE}
}

@article{lecun-mnisthandwrittendigit-2010,
  added-at = {2010-06-28T21:16:30.000+0200},
  author = {LeCun, Yann and Cortes, Corinna},
  biburl = {https://www.bibsonomy.org/bibtex/2935bad99fa1f65e03c25b315aa3c1032/mhwombat},
  groups = {public},
  howpublished = {http://yann.lecun.com/exdb/mnist/},
  interhash = {21b9d0558bd66279df9452562df6e6f3},
  intrahash = {935bad99fa1f65e03c25b315aa3c1032},
  keywords = {MSc _checked character_recognition mnist network neural},
  lastchecked = {2016-01-14 14:24:11},
  timestamp = {2016-07-12T19:25:30.000+0200},
  title = {{MNIST} handwritten digit database},
  url = {http://yann.lecun.com/exdb/mnist/},
  username = {mhwombat},
  year = 2010
}


@article{xiao2017fashion,
  title={Fashion-mnist: a novel image dataset for benchmarking machine learning algorithms},
  author={Xiao, Han and Rasul, Kashif and Vollgraf, Roland},
  journal={arXiv preprint arXiv:1708.07747},
  year={2017}
}


@article{jordan1999introduction,
  title={An introduction to variational methods for graphical models},
  author={Jordan, Michael I and Ghahramani, Zoubin and Jaakkola, Tommi S and Saul, Lawrence K},
  journal={Machine learning},
  volume={37},
  number={2},
  pages={183--233},
  year={1999},
  publisher={Springer}
}



